<?xml version="1.0" encoding="UTF-8"?>
  <record xmlns="http://www.loc.gov/MARC21/slim" type="Authority">
    <leader>00000nz  a2200000oc 4500</leader>
    <controlfield tag="001">1055664785</controlfield>
    <controlfield tag="003">DE-101</controlfield>
    <controlfield tag="005">20210420151409.0</controlfield>
    <controlfield tag="008">140814n||aznnnaabn           | aaa    |c</controlfield>
    <datafield tag="024" ind1="7" ind2=" ">
      <subfield code="a">1055664785</subfield>
      <subfield code="0">http://d-nb.info/gnd/1055664785</subfield>
      <subfield code="2">gnd</subfield>
    </datafield>
    <datafield tag="035" ind1=" " ind2=" ">
      <subfield code="a">(DE-101)1055664785</subfield>
    </datafield>
    <datafield tag="035" ind1=" " ind2=" ">
      <subfield code="a">(DE-588)1055664785</subfield>
    </datafield>
    <datafield tag="040" ind1=" " ind2=" ">
      <subfield code="a">DE-23</subfield>
      <subfield code="c">DE-23</subfield>
      <subfield code="9">r:DE-601</subfield>
      <subfield code="b">ger</subfield>
      <subfield code="d">0023</subfield>
    </datafield>
    <datafield tag="042" ind1=" " ind2=" ">
      <subfield code="a">gnd3</subfield>
    </datafield>
    <datafield tag="043" ind1=" " ind2=" ">
      <subfield code="c">XA-DE</subfield>
    </datafield>
    <datafield tag="075" ind1=" " ind2=" ">
      <subfield code="b">p</subfield>
      <subfield code="2">gndgen</subfield>
    </datafield>
    <datafield tag="075" ind1=" " ind2=" ">
      <subfield code="b">piz</subfield>
      <subfield code="2">gndspec</subfield>
    </datafield>
    <datafield tag="079" ind1=" " ind2=" ">
      <subfield code="a">g</subfield>
      <subfield code="q">a</subfield>
      <subfield code="q">f</subfield>
    </datafield>
    <datafield tag="100" ind1="1" ind2=" ">
      <subfield code="a">Schelhardt von Dorenfort, Adam Wilhelm</subfield>
      <subfield code="c">Freiherr von Görzenich</subfield>
      <subfield code="d">1594-1627</subfield>
    </datafield>
    <datafield tag="375" ind1=" " ind2=" ">
      <subfield code="a">1</subfield>
      <subfield code="2">iso5218</subfield>
    </datafield>
    <datafield tag="400" ind1="1" ind2=" ">
      <subfield code="a">Görzenich, Adam Wilhelm Schelhardt von Dorenfort</subfield>
      <subfield code="c">Freiherr von</subfield>
      <subfield code="d">1594-1627</subfield>
    </datafield>
    <datafield tag="400" ind1="1" ind2=" ">
      <subfield code="a">Dorenfort, Adam Wilhelm Schelhardt &#152;von&#156;</subfield>
      <subfield code="d">1594-1627</subfield>
    </datafield>
    <datafield tag="400" ind1="0" ind2=" ">
      <subfield code="a">Freiherr von Görzenich</subfield>
      <subfield code="d">1594-1627</subfield>
    </datafield>
    <datafield tag="400" ind1="0" ind2=" ">
      <subfield code="a">Görzenich</subfield>
      <subfield code="d">1594-1627</subfield>
    </datafield>
    <datafield tag="400" ind1="0" ind2=" ">
      <subfield code="a">Goerzenich</subfield>
      <subfield code="d">1594-1627</subfield>
    </datafield>
    <datafield tag="400" ind1="0" ind2=" ">
      <subfield code="a">Görtzenich</subfield>
      <subfield code="d">1594-1627</subfield>
    </datafield>
    <datafield tag="400" ind1="0" ind2=" ">
      <subfield code="a">Görtzenick</subfield>
      <subfield code="d">1594-1627</subfield>
    </datafield>
    <datafield tag="400" ind1="1" ind2=" ">
      <subfield code="a">Schelhardt von Donfurt, Adam Wilhelm</subfield>
      <subfield code="c">Freiherr von Görzenich</subfield>
      <subfield code="d">1594-1627</subfield>
    </datafield>
    <datafield tag="400" ind1="1" ind2=" ">
      <subfield code="a">Donfurt, Adam Wilhelm Schelhardt &#152;von&#156;</subfield>
      <subfield code="c">Freiherr von Görzenich</subfield>
      <subfield code="d">1594-1627</subfield>
    </datafield>
    <datafield tag="400" ind1="1" ind2=" ">
      <subfield code="a">Schelhardt von Dornwerdt, Adam Wilhelm</subfield>
      <subfield code="d">1594-1627</subfield>
    </datafield>
    <datafield tag="400" ind1="1" ind2=" ">
      <subfield code="a">Dornwerdt, Adam Wilhelm Schelhardt &#152;von&#156;</subfield>
      <subfield code="d">1594-1627</subfield>
    </datafield>
    <datafield tag="400" ind1="1" ind2=" ">
      <subfield code="a">Schelhard von Dorenfort, Adam Wilhelm</subfield>
      <subfield code="d">1594-1627</subfield>
    </datafield>
    <datafield tag="400" ind1="1" ind2=" ">
      <subfield code="a">Schelhardt von Dorenfort, Adam Wilhelm</subfield>
      <subfield code="c">Freyherr von Görtzenick</subfield>
      <subfield code="d">1594-1627</subfield>
    </datafield>
    <datafield tag="400" ind1="1" ind2=" ">
      <subfield code="a">Görtzenich, Adam Wilhelm Schelhart von Donnfört</subfield>
      <subfield code="c">Freiherr von</subfield>
      <subfield code="d">1594-1627</subfield>
    </datafield>
    <datafield tag="400" ind1="1" ind2=" ">
      <subfield code="a">Schelhart von Donnfört, Adam Wilhelm</subfield>
      <subfield code="c">Freiherr von Görtzenich</subfield>
      <subfield code="d">1594-1627</subfield>
    </datafield>
    <datafield tag="400" ind1="1" ind2=" ">
      <subfield code="a">Donnfört, Adam Wilhelm Schelhart &#152;von&#156;</subfield>
      <subfield code="c">Freiherr von Görtzenich</subfield>
      <subfield code="d">1594-1627</subfield>
    </datafield>
    <datafield tag="400" ind1="1" ind2=" ">
      <subfield code="a">Görtzenick, Adam Wilhelm Schelhardt von Dorenfort</subfield>
      <subfield code="c">Freyherr von</subfield>
      <subfield code="d">1594-1627</subfield>
    </datafield>
    <datafield tag="400" ind1="1" ind2=" ">
      <subfield code="a">Görtzenich, Adam Wilhelm Schelhart von Donnfört &#152;von&#156;</subfield>
      <subfield code="d">1594-1627</subfield>
    </datafield>
    <datafield tag="400" ind1="0" ind2=" ">
      <subfield code="a">Oberst von Görtzenich</subfield>
      <subfield code="d">1594-1627</subfield>
    </datafield>
    <datafield tag="400" ind1="0" ind2=" ">
      <subfield code="a">Oberst von Goertzenich</subfield>
      <subfield code="d">1594-1627</subfield>
    </datafield>
    <datafield tag="400" ind1="0" ind2=" ">
      <subfield code="a">Oberst von Görzenich</subfield>
      <subfield code="d">1594-1627</subfield>
    </datafield>
    <datafield tag="400" ind1="0" ind2=" ">
      <subfield code="a">Oberst von Goerzenich</subfield>
      <subfield code="d">1594-1627</subfield>
    </datafield>
    <datafield tag="548" ind1=" " ind2=" ">
      <subfield code="a">01.02.1594-12.10.1627</subfield>
      <subfield code="4">datx</subfield>
      <subfield code="4">https://d-nb.info/standards/elementset/gnd#dateOfBirthAndDeath</subfield>
      <subfield code="w">r</subfield>
      <subfield code="i">Exakte Lebensdaten</subfield>
    </datafield>
    <datafield tag="548" ind1=" " ind2=" ">
      <subfield code="a">1594-1627</subfield>
      <subfield code="4">datl</subfield>
      <subfield code="4">https://d-nb.info/standards/elementset/gnd#dateOfBirthAndDeath</subfield>
      <subfield code="w">r</subfield>
      <subfield code="i">Lebensdaten</subfield>
    </datafield>
    <datafield tag="550" ind1=" " ind2=" ">
      <subfield code="0">(DE-101)040433757</subfield>
      <subfield code="0">(DE-588)4043375-4</subfield>
      <subfield code="0">https://d-nb.info/gnd/4043375-4</subfield>
      <subfield code="a">Offizier</subfield>
      <subfield code="4">berc</subfield>
      <subfield code="4">https://d-nb.info/standards/elementset/gnd#professionOrOccupation</subfield>
      <subfield code="w">r</subfield>
      <subfield code="i">Charakteristischer Beruf</subfield>
    </datafield>
    <datafield tag="550" ind1=" " ind2=" ">
      <subfield code="a">Freiherr</subfield>
      <subfield code="4">adel</subfield>
      <subfield code="4">https://d-nb.info/standards/elementset/gnd#titleOfNobility</subfield>
      <subfield code="w">r</subfield>
      <subfield code="i">Adelstitel</subfield>
    </datafield>
    <datafield tag="550" ind1=" " ind2=" ">
      <subfield code="0">(DE-101)040004643</subfield>
      <subfield code="0">(DE-588)4000464-8</subfield>
      <subfield code="0">https://d-nb.info/gnd/4000464-8</subfield>
      <subfield code="a">Adel</subfield>
      <subfield code="4">obin</subfield>
      <subfield code="4">https://d-nb.info/standards/elementset/gnd#broaderTermInstantial</subfield>
      <subfield code="w">r</subfield>
      <subfield code="i">Oberbegriff instantiell</subfield>
    </datafield>
    <datafield tag="551" ind1=" " ind2=" ">
      <subfield code="0">(DE-101)978429958</subfield>
      <subfield code="0">(DE-588)10126707-1</subfield>
      <subfield code="0">https://d-nb.info/gnd/10126707-1</subfield>
      <subfield code="a">Gürzenich</subfield>
      <subfield code="4">ortg</subfield>
      <subfield code="4">https://d-nb.info/standards/elementset/gnd#placeOfBirth</subfield>
      <subfield code="w">r</subfield>
      <subfield code="i">Geburtsort</subfield>
    </datafield>
    <datafield tag="551" ind1=" " ind2=" ">
      <subfield code="0">(DE-101)040494616</subfield>
      <subfield code="0">(DE-588)4049461-5</subfield>
      <subfield code="0">https://d-nb.info/gnd/4049461-5</subfield>
      <subfield code="a">Rendsburg</subfield>
      <subfield code="4">orts</subfield>
      <subfield code="4">https://d-nb.info/standards/elementset/gnd#placeOfDeath</subfield>
      <subfield code="w">r</subfield>
      <subfield code="i">Sterbeort</subfield>
    </datafield>
    <datafield tag="670" ind1=" " ind2=" ">
      <subfield code="a">Der Dreißigjährige Krieg in Selbstzeugnissen, Chroniken und Berichten</subfield>
      <subfield code="b">Stand: 20.04.2021</subfield>
      <subfield code="u">https://www.30jaehrigerkrieg.de/schellart-schelhard-schellroth-schelbrod-schalbroth-von-dorenwert-adam-wilhelm-freiherr-zu-gurzenich-goerzenich-gorzenich-gortzemich-gorckenisch-gortzenig-gortzenich-gotzenichts-gertzen/</subfield>
    </datafield>
  </record>
